@MISC{FailBlog,
  author = {Various},
  title = {Fail Blog},
  month = Aug,
  year = {2011},
  howpublished={\url{http://www.failblog.org/}},
  note={Accessed August 2011},
  annote={This is my annotation. I should add in a description here.}
}
