@article{cgd,
  title={The Candida Genome Database (CGD), a community resource for Candida albicans gene and protein information},
  author={Arnaud, Martha B and Costanzo, Maria C and Skrzypek, Marek S and Binkley, Gail and Lane, Christopher and Miyasato, Stuart R and Sherlock, Gavin},
  journal={Nucleic acids research},
  volume={33},
  number={suppl 1},
  pages={D358--D363},
  year={2005},
  publisher={Oxford Univ Press}
}

@article{chado,
  title={Using Chado to store genome annotation data},
  author={Zhou, Pinglei and Emmert, David and Zhang, Peili},
  journal={Current Protocols in Bioinformatics},
  pages={9--6},
  year={2006},
  publisher={Wiley Online Library}
}

@article{flybase,
  title={FlyBase at 25: looking to the future},
  author={Gramates, L Sian and Marygold, Steven J and dos Santos, Gilberto and Urbano, Jose-Maria and Antonazzo, Giulia and Matthews, Beverley B and Rey, Alix J and Tabone, Christopher J and Crosby, Madeline A and Emmert, David B and others},
  journal={Nucleic Acids Research},
  pages={gkw1016},
  year={2016},
  publisher={Oxford Univ Press}
}

@article{postgres,
  title={PostgreSQL},
  author={PostgreSQL, Behandelt},
  journal={Web resource: http://www. PostgreSQL. org/about},
  year={2010}
}

@misc{perl,
  title={The Perl programming language},
  author={Wall, Larry and others},
  year={1994},
  publisher={Prentice Hall Software Series}
}

@article{python,
  title={Python: a programming language for software integration and development},
  author={Sanner, Michel F and others},
  journal={J Mol Graph Model},
  volume={17},
  number={1},
  pages={57--61},
  year={1999}
}

@article{node,
  title={Node. js: Using JavaScript to build high-performance network programs},
  author={Tilkov, Stefan and Vinoski, Steve},
  journal={IEEE Internet Computing},
  volume={14},
  number={6},
  pages={80--83},
  year={2010},
  publisher={IEEE}
}

@article{diamond,
  title={Fast and sensitive protein alignment using DIAMOND},
  author={Buchfink, Benjamin and Xie, Chao and Huson, Daniel H},
  journal={Nature methods},
  volume={12},
  number={1},
  pages={59--60},
  year={2015},
  publisher={Nature Research}
}

@article{ncbi,
  title={dbSNP: the NCBI database of genetic variation},
  author={Sherry, Stephen T and Ward, M-H and Kholodov, M and Baker, J and Phan, Lon and Smigielski, Elizabeth M and Sirotkin, Karl},
  journal={Nucleic acids research},
  volume={29},
  number={1},
  pages={308--311},
  year={2001},
  publisher={Oxford Univ Press}
}

@article{nr,
  title={NCBI reference sequences (RefSeq): a curated non-redundant sequence database of genomes, transcripts and proteins},
  author={Pruitt, Kim D and Tatusova, Tatiana and Maglott, Donna R},
  journal={Nucleic acids research},
  volume={35},
  number={suppl 1},
  pages={D61--D65},
  year={2007},
  publisher={Oxford Univ Press}
}

@article{barracuda,
  title={BarraCUDA-a fast short read sequence aligner using graphics processing units},
  author={Klus, Petr and Lam, Simon and Lyberg, Dag and Cheung, Ming Sin and Pullan, Graham and McFarlane, Ian and Yeo, Giles SH and Lam, Brian YH},
  journal={BMC research notes},
  volume={5},
  number={1},
  pages={27},
  year={2012},
  publisher={BioMed Central}
}

@article{clast,
  title={CLAST: CUDA implemented large-scale alignment search tool},
  author={Yano, Masahiro and Mori, Hiroshi and Akiyama, Yutaka and Yamada, Takuji and Kurokawa, Ken},
  journal={BMC bioinformatics},
  volume={15},
  number={1},
  pages={406},
  year={2014},
  publisher={BioMed Central}
}

@article{cudasw,
  title={CUDASW++: optimizing Smith-Waterman sequence database searches for CUDA-enabled graphics processing units},
  author={Liu, Yongchao and Maskell, Douglas L and Schmidt, Bertil},
  journal={BMC research notes},
  volume={2},
  number={1},
  pages={73},
  year={2009},
  publisher={BioMed Central}
}

@misc{biostars,
  Author = {Various},
  Howpublished = {\url{https://www.biostars.org/p/13270/}},
  Note = {Accessed April 2017},
  Title = {Biostars - A discussion on splitting a FASTA file, on the biostars forum},
  Year = {2012}
}

@article{genometools,
  title={GenomeTools: a comprehensive software library for efficient processing of structured genome annotations},
  author={Gremme, Gordon and Steinbiss, Sascha and Kurtz, Stefan},
  journal={IEEE/ACM Transactions on Computational Biology and Bioinformatics},
  volume={10},
  number={3},
  pages={645--656},
  year={2013},
  publisher={IEEE}
}

@article{gbrowse,
  title={Using the generic genome browser (GBrowse)},
  author={Donlin, Maureen J},
  journal={Current Protocols in Bioinformatics},
  pages={9--9},
  year={2009},
  publisher={Wiley Online Library}
}

@article{jbrowse,
  title={JBrowse: a next-generation genome browser},
  author={Skinner, Mitchell E and Uzilov, Andrew V and Stein, Lincoln D and Mungall, Christopher J and Holmes, Ian H},
  journal={Genome research},
  volume={19},
  number={9},
  pages={1630--1638},
  year={2009},
  publisher={Cold Spring Harbor Lab}
}

@Misc{perl-market,
  Author = {Various},
  Howpublished = {\url{https://w3techs.com/technologies/details/pl-perl/all/all}},
  Note = {Accessed April 29th 2017},
  Title = {Usage statistics and market share of Perl for websites},
  Year = {2017}
}

@Misc{modulecounts,
  Author = {Unkown},
  Howpublished = {\url{https://modulecounts.com}},
  Note = {Accessed April 29th 2017},
  Title = {Data displaying number of packages available to different platforms},
  Year = {2017}
}

@article{intermine,
  title={InterMine: a flexible data warehouse system for the integration and analysis of heterogeneous biological data},
  author={Smith, Richard N and Aleksic, Jelena and Butano, Daniela and Carr, Adrian and Contrino, Sergio and Hu, Fengyuan and Lyne, Mike and Lyne, Rachel and Kalderimis, Alex and Rutherford, Kim and others},
  journal={Bioinformatics},
  volume={28},
  number={23},
  pages={3163--3165},
  year={2012},
  publisher={Oxford Univ Press}
}

@Misc{albicans,
  Author = {Candida Genome Database},
  Howpublished = {\url{http://www.candidagenome.org/download/sequence/C_albicans_SC5314/Assembly22/current/C_albicans_SC5314_A22_current_default_protein.fasta.gz}},
  Note = {Accessed April 29th 2017},
  Title = {Annotated proteins found in \textit{Candida albicans}},
  Year = {2017}
}

@Misc{cgd-proteins,
  Author = {Candida Genome Database},
  Howpublished = {\url{http://www.candidagenome.org/download/go/gene_association.cgd.gz}},
  Note = {Accessed April 29th 2017},
  Title = {All annotations and ID's for every protein in CGD},
  Year = {2017}
}

@article{geneontology,
  title={Gene Ontology: tool for the unification of biology},
  author={Ashburner, Michael and Ball, Catherine A and Blake, Judith A and Botstein, David and Butler, Heather and Cherry, J Michael and Davis, Allan P and Dolinski, Kara and Dwight, Selina S and Eppig, Janan T and others},
  journal={Nature genetics},
  volume={25},
  number={1},
  pages={25--29},
  year={2000},
  publisher={Nature Publishing Group}
}

@Misc{vimrc,
  Author = {Owen Garland},
  Howpublished = {\url{https://github.com/bag-man/dotfiles/blob/master/vimrc}},
  Note = {Accessed April 29th 2017},
  Title = {Vim configuration},
  Year = {2017}
}

@Misc{github,
  Author = {Various},
  Howpublished = {\url{https://github.com/about}},
  Note = {Accessed April 29th 2017},
  Title = {Github Remote Git Repository},
  Year = {2017}
}

@misc{husky,
  author = {Various},
  title = {Husky},
  year = {2017},
  publisher = {GitHub},
  journal = {GitHub repository},
  howpublished = {\url{https://github.com/typicode/husky}},
}

@misc{eslint,
  author = {Various},
  title = {ESlint},
  year = {2017},
  publisher = {GitHub},
  journal = {GitHub repository},
  howpublished = {\url{https://github.com/eslint/eslint}},
}

@misc{mocha,
  author = {Various},
  title = {Mocha},
  year = {2017},
  publisher = {GitHub},
  journal = {GitHub repository},
  howpublished = {\url{https://github.com/mochajs/mocha}},
}

@misc{istanbul,
  author = {Various},
  title = {Mocha},
  year = {2017},
  publisher = {GitHub},
  journal = {GitHub repository},
  howpublished = {\url{https://github.com/gotwarlost/istanbul}},
}

@Misc{travis,
  Author = {Various},
  Howpublished = {\url{https://docs.travis-ci.com/}},
  Note = {Accessed April 29th 2017},
  Title = {Travis CI documentation},
  Year = {2017}
}

@Misc{codecov,
  Author = {Various},
  Howpublished = {\url{https://docs.codecov.io/}},
  Note = {Accessed April 29th 2017},
  Title = {Codecov documentation},
  Year = {2017}
}

@book{heroku,
  title={Heroku: Up and Running},
  author={Middleton, Neil and Schneeman, Richard},
  year={2013},
  publisher={" O'Reilly Media, Inc."}
}

@Misc{node-org,
  Author = {Various},
  Howpublished = {\url{https://nodejs.org/}},
  Note = {Accessed April 29th 2017},
  Title = {Nodejs homepage},
  Year = {2017}
}

@misc{fasta2json,
  author = {Josemi Juanes},
  title = {fasta2json},
  year = {2017},
  publisher = {GitHub},
  journal = {GitHub repository},
  howpublished = {\url{https://github.com/jmjuanes/fasta2json}},
}

@article{sgd,
  title={Saccharomyces Genome Database: the genomics resource of budding yeast},
  author={Cherry, J Michael and Hong, Eurie L and Amundsen, Craig and Balakrishnan, Rama and Binkley, Gail and Chan, Esther T and Christie, Karen R and Costanzo, Maria C and Dwight, Selina S and Engel, Stacia R and others},
  journal={Nucleic acids research},
  pages={gkr1029},
  year={2011},
  publisher={Oxford Univ Press}
}

@misc{bootstrap,
  author = {Various},
  title = {Bootstrap},
  year = {2017},
  publisher = {GitHub},
  journal = {GitHub repository},
  howpublished = {\url{https://github.com/twbs/bootstrap}},
}

@article{blast2go,
  title={Blast2GO: a universal tool for annotation, visualization and analysis in functional genomics research},
  author={Conesa, Ana and G{\"o}tz, Stefan and Garc{\'\i}a-G{\'o}mez, Juan Miguel and Terol, Javier and Tal{\'o}n, Manuel and Robles, Montserrat},
  journal={Bioinformatics},
  volume={21},
  number={18},
  pages={3674--3676},
  year={2005},
  publisher={Oxford Univ Press}
}

@inproceedings{smells,
  title={A taxonomy and an initial empirical study of bad smells in code},
  author={Mantyla, Mika and Vanhanen, Jari and Lassenius, Casper},
  booktitle={Software Maintenance, 2003. ICSM 2003. Proceedings. International Conference on},
  pages={381--384},
  year={2003},
  organization={IEEE}
}
